<marc:collection xmlns:marc="http://www.loc.gov/MARC21/slim" xmlns:xsi="http://www.w3.org/2001/XMLSchema-instance" xsi:schemaLocation="http://www.loc.gov/MARC21/slim http://www.loc.gov/standards/marcxml/schema/MARC21slim.xsd">
    <marc:record type="Bibliographic">
        <marc:leader>01361cem a22003373a 4500</marc:leader>
        <marc:controlfield tag="001">6515146</marc:controlfield>
        <marc:controlfield tag="005">20141202103457.0</marc:controlfield>
        <marc:controlfield tag="008">110203s1907    xx        a     0   eng d</marc:controlfield>
        <marc:datafield tag="034" ind1="1" ind2=" ">
            <marc:subfield code="a">a</marc:subfield>
            <marc:subfield code="b">62500</marc:subfield>
            <marc:subfield code="d">-75.25</marc:subfield>
            <marc:subfield code="e">-75</marc:subfield>
            <marc:subfield code="f">43.5</marc:subfield>
            <marc:subfield code="g">43.25</marc:subfield>
        </marc:datafield>
        <marc:datafield tag="035" ind1=" " ind2=" ">
            <marc:subfield code="a">(OCoLC)715369268</marc:subfield>
        </marc:datafield>
        <marc:datafield tag="035" ind1=" " ind2=" ">
            <marc:subfield code="a">(NjP Geomap) 17527</marc:subfield>
        </marc:datafield>
        <marc:datafield tag="040" ind1=" " ind2=" ">
            <marc:subfield code="c">NjP</marc:subfield>
        </marc:datafield>
        <marc:datafield tag="041" ind1="0" ind2=" ">
            <marc:subfield code="a">eng</marc:subfield>
        </marc:datafield>
        <marc:datafield tag="245" ind1="0" ind2="0">
            <marc:subfield code="a">Geologic map of the Remsen Quadrangle.</marc:subfield>
        </marc:datafield>
        <marc:datafield tag="255" ind1=" " ind2=" ">
            <marc:subfield code="a">Scale 1:62,500</marc:subfield>
            <marc:subfield code="c">(W 75°15ʹ--W 75°0ʹ/N 43°30ʹ--N 43°15ʹ)</marc:subfield>
        </marc:datafield>
        <marc:datafield tag="260" ind1=" " ind2=" ">
            <marc:subfield code="a">Albany, N.Y. :</marc:subfield>
            <marc:subfield code="b">University of the State of New York, New York State Museum,</marc:subfield>
            <marc:subfield code="c">1907.</marc:subfield>
        </marc:datafield>
        <marc:datafield tag="490" ind1="0" ind2=" ">
            <marc:subfield code="a">New York State Museum. Bulletin ;</marc:subfield>
            <marc:subfield code="v">126</marc:subfield>
        </marc:datafield>
        <marc:datafield tag="490" ind1="0" ind2=" ">
            <marc:subfield code="a">New York State Museum. Bulletin ;</marc:subfield>
            <marc:subfield code="v">126</marc:subfield>
        </marc:datafield>
        <marc:datafield tag="500" ind1=" " ind2=" ">
            <marc:subfield code="a">Companion text: Geology of the Remsen Quadrangle including Trenton Falls and vicinity in Oneida and Heirkimer counties / W. J. Miller. Albany : New York State Museum. Bulletin 126, 1909. 51p. 11pls.</marc:subfield>
        </marc:datafield>
        <marc:datafield tag="500" ind1=" " ind2=" ">
            <marc:subfield code="a">Another copy of map with source publication.</marc:subfield>
        </marc:datafield>
        <marc:datafield tag="546" ind1=" " ind2=" ">
            <marc:subfield code="a">In English.</marc:subfield>
        </marc:datafield>
        <marc:datafield tag="650" ind1=" " ind2="0">
            <marc:subfield code="a">Geology.</marc:subfield>
        </marc:datafield>
        <marc:datafield tag="651" ind1=" " ind2="0">
            <marc:subfield code="a">Remsen (N.Y.)</marc:subfield>
            <marc:subfield code="v">Maps.</marc:subfield>
        </marc:datafield>
        <marc:datafield tag="651" ind1=" " ind2="7">
            <marc:subfield code="a">U.S.--NY--Remsen Quad.</marc:subfield>
            <marc:subfield code="2">local</marc:subfield>
        </marc:datafield>
        <marc:datafield tag="651" ind1=" " ind2="7">
            <marc:subfield code="a">U.S.--NY--Trenton Falls</marc:subfield>
            <marc:subfield code="2">local</marc:subfield>
        </marc:datafield>
        <marc:datafield tag="651" ind1=" " ind2="7">
            <marc:subfield code="a">U.S.--NY--Oneida Co.</marc:subfield>
            <marc:subfield code="2">local</marc:subfield>
        </marc:datafield>
        <marc:datafield tag="651" ind1=" " ind2="7">
            <marc:subfield code="a">U.S.--NY--Herkimer Co.</marc:subfield>
            <marc:subfield code="2">local</marc:subfield>
        </marc:datafield>
        <marc:datafield tag="700" ind1="1" ind2=" ">
            <marc:subfield code="a">Miller, W. J.</marc:subfield>
        </marc:datafield>
        <marc:datafield tag="852" ind1="8" ind2=" ">
            <marc:subfield code="b">scimc</marc:subfield>
            <marc:subfield code="h">G3801.C5.svar.N4Y6 BM 126</marc:subfield>
        </marc:datafield>
        <marc:datafield tag="852" ind1="8" ind2=" ">
            <marc:subfield code="b">scidoc</marc:subfield>
            <marc:subfield code="h">8566.677 no.126 (text)</marc:subfield>
        </marc:datafield>
        <marc:datafield tag="856" ind1="4" ind2=" ">
            <marc:subfield code="u">http://gisserver.princeton.edu/map/2454</marc:subfield>
        </marc:datafield>
    </marc:record>
    <marc:record type="Holdings">
        <marc:leader>00189nx  a22000851  4500</marc:leader>
        <marc:controlfield tag="001">6487940</marc:controlfield>
        <marc:controlfield tag="004">6515146</marc:controlfield>
        <marc:controlfield tag="005">20110419121707.0</marc:controlfield>
        <marc:controlfield tag="008">1104190u||||8|||4001uu|||0000000</marc:controlfield>
        <marc:datafield tag="852" ind1="8" ind2=" ">
            <marc:subfield code="b">scimc</marc:subfield>
            <marc:subfield code="h">G3801.C5.svar.N4Y6 BM 126</marc:subfield>
        </marc:datafield>
    </marc:record>
    <marc:record type="Holdings">
        <marc:leader>00182nx  a22000854  4500</marc:leader>
        <marc:controlfield tag="001">7316883</marc:controlfield>
        <marc:controlfield tag="004">6515146</marc:controlfield>
        <marc:controlfield tag="005">20130513161148.0</marc:controlfield>
        <marc:controlfield tag="008">1305134u    8   1001uu   0901128</marc:controlfield>
        <marc:datafield tag="852" ind1="8" ind2=" ">
            <marc:subfield code="b">elf1</marc:subfield>
            <marc:subfield code="h">Electronic Resource</marc:subfield>
        </marc:datafield>
    </marc:record>
</marc:collection>
